@book{negusLinuxBible2015,
  title = {Linux Bible},
  author = {Negus, Chris},
  date = {2015},
  edition = {Ninth edition},
  publisher = {John Wiley \& Sons, Inc},
  location = {Indianapolis, Indiana},
  abstract = {"Linux Bible, 9th Edition is the ultimate hands-on Linux user guide, whether you're a true beginner or a more advanced user navigating recent changes. This updated ninth edition covers the latest versions of Red Hat Enterprise Linux 7 (RHEL 7), Fedora 21, and Ubuntu 10.04 LTS, and includes new information on cloud computing and development with guidance on Openstack and Cloudforms. With a focus on RHEL 7, this practical guide gets you up to speed quickly on the new enhancements for enterprise-quality file systems, the new boot process and services management, firewalld, and the GNOME 3 desktop. Written by a Red Hat expert, this book provides the clear explanations and step-by-step instructions that demystify Linux and bring the new features seamlessly into your workflow"--Provided by publisher},
  isbn = {978-1-118-99987-5},
  pagetotal = {859},
  keywords = {Linux,Operating systems (Computers)},
  annotation = {OCLC: ocn908765616},
  file = {C:\Users\Usuario\Zotero\storage\AVNT57DJ\Negus - 2015 - Linux bible.pdf}
}

@book{santoorceroBIBLIALATEX2020,
  title = {LA BIBLIA DE LATEX},
  author = {family=SANTO ORCERO, given=DAVID, given-i=DAVID},
  date = {2020},
  publisher = {LULU COM},
  location = {Place of publication not identified},
  isbn = {978-0-244-55282-4},
  langid = {spanish},
  annotation = {OCLC: 1140709461}
}

@article{schmidComputercontrolledSystemMeasurement1990,
  title = {A Computer-Controlled System for the Measurement of Complete Admittance Spectra of Piezoelectric Resonators},
  author = {Schmid, M and Benes, E and Sedlaczek, R},
  date = {1990-09-01},
  journaltitle = {Measurement Science and Technology},
  shortjournal = {Meas. Sci. Technol.},
  volume = {1},
  number = {9},
  pages = {970--975},
  issn = {0957-0233, 1361-6501},
  doi = {10.1088/0957-0233/1/9/021},
  url = {https://iopscience.iop.org/article/10.1088/0957-0233/1/9/021},
  urldate = {2023-08-17}
}

@book{TituloLibro,
  title = {Titulo Del Libro}
}
